@inproceedings{vaswani2017attention,
  title={Attention is all you need},
  author={Vaswani, Ashish and Shazeer, Noam and Parmar, Niki and Uszkoreit, Jakob and Jones, Llion and Gomez, Aidan N and Kaiser, {\L}ukasz and Polosukhin, Illia},
  booktitle={Advances in neural information processing systems},
  pages={5998--6008},
  year={2017}
}

@article{karpathy2015unreasonable,
  title={The unreasonable effectiveness of recurrent neural networks},
  author={Karpathy, Andrej},
  journal={Andrej Karpathy blog},
  volume={21},
  pages={23},
  year={2015}
}

@article{hochreiter1997long,
  title={Long short-term memory},
  author={Hochreiter, Sepp and Schmidhuber, J{\"u}rgen},
  journal={Neural computation},
  volume={9},
  number={8},
  pages={1735--1780},
  year={1997},
  publisher={MIT Press}
}

@article{chung2014empirical,
  title={Empirical evaluation of gated recurrent neural networks on sequence modeling},
  author={Chung, Junyoung and Gulcehre, Caglar and Cho, KyungHyun and Bengio, Yoshua},
  journal={arXiv preprint arXiv:1412.3555},
  year={2014}
}

@article{bahdanau2014neural,
  title={Neural machine translation by jointly learning to align and translate},
  author={Bahdanau, Dzmitry and Cho, Kyunghyun and Bengio, Yoshua},
  journal={arXiv preprint arXiv:1409.0473},
  year={2014}
}

@article{luong2015effective,
  title={Effective approaches to attention-based neural machine translation},
  author={Luong, Minh-Thang and Pham, Hieu and Manning, Christopher D},
  journal={arXiv preprint arXiv:1508.04025},
  year={2015}
}

@inproceedings{goodfellow2014generative,
  title={Generative adversarial nets},
  author={Goodfellow, Ian and Pouget-Abadie, Jean and Mirza, Mehdi and Xu, Bing and Warde-Farley, David and Ozair, Sherjil and Courville, Aaron and Bengio, Yoshua},
  booktitle={Advances in neural information processing systems},
  pages={2672--2680},
  year={2014}
}

@article{devlin2018bert,
  title={Bert: Pre-training of deep bidirectional transformers for language understanding},
  author={Devlin, Jacob and Chang, Ming-Wei and Lee, Kenton and Toutanova, Kristina},
  journal={arXiv preprint arXiv:1810.04805},
  year={2018}
}

@article{zhu2020incorporating,
  title={Incorporating bert into neural machine translation},
  author={Zhu, Jinhua and Xia, Yingce and Wu, Lijun and He, Di and Qin, Tao and Zhou, Wengang and Li, Houqiang and Liu, Tie-Yan},
  journal={arXiv preprint arXiv:2002.06823},
  year={2020}
}

@article{arjovsky2017wasserstein,
  title={Wasserstein gan},
  author={Arjovsky, Martin and Chintala, Soumith and Bottou, L{\'e}on},
  journal={arXiv preprint arXiv:1701.07875},
  year={2017}
}

@inproceedings{haidar2019textkd,
  title={Textkd-gan: Text generation using knowledge distillation and generative adversarial networks},
  author={Haidar, Md Akmal and Rezagholizadeh, Mehdi},
  booktitle={Canadian Conference on Artificial Intelligence},
  pages={107--118},
  year={2019},
  organization={Springer}
}

@article{benhardt2018shall,
  title={Shall i compare thee to a machine-written sonnet? An approach to algorithmic sonnet generation},
  author={Benhardt, John and Hase, Peter and Zhu, Liuyi and Rudin, Cynthia},
  journal={arXiv preprint arXiv:1811.05067},
  year={2018}
}